<?xml version="1.0" encoding="UTF-8"?>
<OAI-PMH xmlns="http://www.openarchives.org/OAI/2.0/" xmlns:xsi="http://www.w3.org/2001/XMLSchema-instance" xsi:schemaLocation="http://www.openarchives.org/OAI/2.0/ http://www.openarchives.org/OAI/2.0/OAI-PMH.xsd">
<ListRecords>
<record>
<header status="updated">
<identifier>urm_publish:71291704800002121</identifier>
</header>
<metadata>
<record xmlns="http://www.loc.gov/MARC21/slim" xmlns:xsi="http://www.w3.org/2001/XMLSchema-instance" xsi:schemaLocation="http://www.loc.gov/MARC21/slim http://www.loc.gov/standards/marcxml/schema/MARC21slim.xsd" ><leader>01705cai a2200445Ii 4500</leader><controlfield tag="005">20180202085142.0</controlfield><controlfield tag="008">760416d19761981dcuqr l  f   f0   a2eng d</controlfield><controlfield tag="001">999641231202121</controlfield><datafield tag="020" ind1=" " ind2=" "><subfield code="c">$41.35 (U.S., includes basic manual, reprinted to include all changes through July 1976, and quarterly supplements for an indefinite period) $51.70 (foreign)</subfield></datafield><datafield tag="035" ind1=" " ind2=" "><subfield code="a">(OCoLC)ocm02115615 </subfield></datafield><datafield tag="035" ind1=" " ind2=" "><subfield code="9">AMY0005UW</subfield></datafield><datafield tag="035" ind1=" " ind2=" "><subfield code="a">(WU)1940038-uwmadisondb</subfield></datafield><datafield tag="037" ind1=" " ind2=" "><subfield code="a">008-047-81001-6</subfield><subfield code="b">GPO</subfield></datafield><datafield tag="040" ind1=" " ind2=" "><subfield code="a">GPO</subfield><subfield code="b">eng</subfield><subfield code="c">GPO</subfield><subfield code="d">OCL</subfield><subfield code="d">GPO</subfield><subfield code="d">OCLCQ</subfield><subfield code="d">OCLCF</subfield><subfield code="d">OCLCQ</subfield><subfield code="d">OCL</subfield><subfield code="d">OCLCO</subfield><subfield code="d">WIH</subfield></datafield><datafield tag="043" ind1=" " ind2=" "><subfield code="a">n-us---</subfield></datafield><datafield tag="049" ind1=" " ind2=" "><subfield code="a">WIHA</subfield></datafield><datafield tag="050" ind1=" " ind2="4"><subfield code="a">VA52</subfield><subfield code="b">.A65 1976</subfield></datafield><datafield tag="074" ind1=" " ind2=" "><subfield code="a">403-A</subfield></datafield><datafield tag="082" ind1="0" ind2="4"><subfield code="a">359.6/1/0973</subfield><subfield code="2">19</subfield></datafield><datafield tag="086" ind1="0" ind2=" "><subfield code="a">D 208.6/2:969/REP.3</subfield></datafield><datafield tag="088" ind1=" " ind2=" "><subfield code="a">NAVPERS 15791B</subfield></datafield><datafield tag="110" ind1="1" ind2=" "><subfield code="a">United States.</subfield><subfield code="b">Bureau of Naval Personnel.</subfield><subfield code="2">LCNAMES</subfield><subfield code="0">41-LIBRARY_OF_CONGRESS-n  79096702</subfield><subfield code="9">Y</subfield></datafield><datafield tag="245" ind1="1" ind2="0"><subfield code="a">Bureau of Naval Personnel manual.</subfield></datafield><datafield tag="246" ind1="3" ind2="0"><subfield code="a">Manual</subfield></datafield><datafield tag="246" ind1="3" ind2=" "><subfield code="a">BUPERSMAN</subfield></datafield><datafield tag="250" ind1=" " ind2=" "><subfield code="a">Reprint with all changes through 1/76.</subfield></datafield><datafield tag="260" ind1=" " ind2=" "><subfield code="a">[Washington, D.C.?] :</subfield><subfield code="b">Department of the Navy, Bureau of Naval Personnel,</subfield><subfield code="c">[1976]-</subfield></datafield><datafield tag="300" ind1=" " ind2=" "><subfield code="a">1 volume (loose-leaf) :</subfield><subfield code="b">forms ;</subfield><subfield code="c">26 cm</subfield></datafield><datafield tag="310" ind1=" " ind2=" "><subfield code="a">Quarterly</subfield></datafield><datafield tag="336" ind1=" " ind2=" "><subfield code="a">text</subfield><subfield code="b">txt</subfield><subfield code="2">rdacontent</subfield></datafield><datafield tag="337" ind1=" " ind2=" "><subfield code="a">unmediated</subfield><subfield code="b">n</subfield><subfield code="2">rdamedia</subfield></datafield><datafield tag="338" ind1=" " ind2=" "><subfield code="a">volume</subfield><subfield code="b">nc</subfield><subfield code="2">rdacarrier</subfield></datafield><datafield tag="500" ind1=" " ind2=" "><subfield code="a">"NAVPERS 15791B."</subfield></datafield><datafield tag="500" ind1=" " ind2=" "><subfield code="a">Includes index.</subfield></datafield><datafield tag="500" ind1=" " ind2=" "><subfield code="a">Loose-leaf for updating via quarterly changes.</subfield></datafield><datafield tag="588" ind1=" " ind2=" "><subfield code="a">Latest change consulted: 1/81.</subfield></datafield><datafield tag="610" ind1="1" ind2="0"><subfield code="a">United States.</subfield><subfield code="b">Navy</subfield><subfield code="x">Personnel management</subfield><subfield code="v">Handbooks, manuals, etc.</subfield><subfield code="2">LCNAMES</subfield><subfield code="0">41-LIBRARY_OF_CONGRESS-n  79059051</subfield><subfield code="9">Y</subfield></datafield><datafield tag="610" ind1="1" ind2="0"><subfield code="a">United States.</subfield><subfield code="b">Navy</subfield><subfield code="v">Handbooks, manuals, etc.</subfield><subfield code="2">LCNAMES</subfield></datafield><datafield tag="610" ind1="1" ind2="7"><subfield code="a">United States.</subfield><subfield code="b">Navy.</subfield><subfield code="0">(OCoLC)fst00533204</subfield><subfield code="2">FAST</subfield><subfield code="0">41-OCLC-fst00533204</subfield><subfield code="9">Y</subfield></datafield><datafield tag="650" ind1=" " ind2="7"><subfield code="a">Armed Forces</subfield><subfield code="x">Personnel management.</subfield><subfield code="0">(OCoLC)fst00814620</subfield><subfield code="2">FAST</subfield><subfield code="0">41-OCLC-fst00814620</subfield><subfield code="9">Y</subfield></datafield><datafield tag="655" ind1=" " ind2="7"><subfield code="a">Handbooks and manuals.</subfield><subfield code="0">(OCoLC)fst01423877</subfield><subfield code="2">FAST</subfield><subfield code="0">41-OCLC-fst01423877</subfield><subfield code="9">Y</subfield></datafield><datafield tag="110" ind1="1" ind2=" "><subfield code="a">BUPERS</subfield><subfield code="2">LCNAMES</subfield><subfield code="0">41-LIBRARY_OF_CONGRESS-n  79096702</subfield><subfield code="9">N</subfield></datafield><datafield tag="110" ind1="1" ind2=" "><subfield code="a">B.U.P.E.R.S.</subfield><subfield code="2">LCNAMES</subfield><subfield code="0">41-LIBRARY_OF_CONGRESS-n  79096702</subfield><subfield code="9">N</subfield></datafield><datafield tag="110" ind1="1" ind2=" "><subfield code="a">United States.</subfield><subfield code="b">Bureau of Naval Personnel.</subfield><subfield code="b">Navy Training Publications Center</subfield><subfield code="2">LCNAMES</subfield><subfield code="0">41-LIBRARY_OF_CONGRESS-n  79096702</subfield><subfield code="9">N</subfield></datafield><datafield tag="110" ind1="1" ind2=" "><subfield code="a">United States.</subfield><subfield code="b">Chief of Naval Personnel</subfield><subfield code="2">LCNAMES</subfield><subfield code="0">41-LIBRARY_OF_CONGRESS-n  79096702</subfield><subfield code="9">N</subfield></datafield><datafield tag="110" ind1="1" ind2=" "><subfield code="a">United States.</subfield><subfield code="b">Department of the Navy.</subfield><subfield code="b">Bureau of Naval Personnel</subfield><subfield code="2">LCNAMES</subfield><subfield code="0">41-LIBRARY_OF_CONGRESS-n  79096702</subfield><subfield code="9">N</subfield></datafield><datafield tag="110" ind1="1" ind2=" "><subfield code="a">United States.</subfield><subfield code="b">Department of the Navy.</subfield><subfield code="b">Chief of Naval Personnel</subfield><subfield code="2">LCNAMES</subfield><subfield code="0">41-LIBRARY_OF_CONGRESS-n  79096702</subfield><subfield code="9">N</subfield></datafield><datafield tag="110" ind1="1" ind2=" "><subfield code="a">United States.</subfield><subfield code="b">Naval Personnel, Bureau of</subfield><subfield code="2">LCNAMES</subfield><subfield code="0">41-LIBRARY_OF_CONGRESS-n  79096702</subfield><subfield code="9">N</subfield></datafield><datafield tag="110" ind1="1" ind2=" "><subfield code="a">United States.</subfield><subfield code="b">Navy Department.</subfield><subfield code="b">Bureau of Naval Personnel</subfield><subfield code="2">LCNAMES</subfield><subfield code="0">41-LIBRARY_OF_CONGRESS-n  79096702</subfield><subfield code="9">N</subfield></datafield><datafield tag="110" ind1="1" ind2=" "><subfield code="a">United States.</subfield><subfield code="b">Navy Department.</subfield><subfield code="b">Chief of Naval Personnel</subfield><subfield code="2">LCNAMES</subfield><subfield code="0">41-LIBRARY_OF_CONGRESS-n  79096702</subfield><subfield code="9">N</subfield></datafield><datafield tag="110" ind1="1" ind2=" "><subfield code="w">r</subfield><subfield code="i">Predecessor:</subfield><subfield code="a">United States.</subfield><subfield code="b">Navy Department.</subfield><subfield code="b">Bureau of Navigation</subfield><subfield code="2">LCNAMES</subfield><subfield code="0">41-LIBRARY_OF_CONGRESS-n  79096702</subfield><subfield code="9">R</subfield></datafield><datafield tag="110" ind1="1" ind2=" "><subfield code="w">r</subfield><subfield code="i">Successor:</subfield><subfield code="a">United States.</subfield><subfield code="b">Navy Personnel Command</subfield><subfield code="2">LCNAMES</subfield><subfield code="0">41-LIBRARY_OF_CONGRESS-n  79096702</subfield><subfield code="9">R</subfield></datafield><datafield tag="110" ind1="1" ind2=" "><subfield code="a">United States.</subfield><subfield code="b">Naval Military Personnel Command</subfield><subfield code="2">LCNAMES</subfield><subfield code="0">41-LIBRARY_OF_CONGRESS-n  79096702</subfield><subfield code="9">R</subfield></datafield><datafield tag="110" ind1="1" ind2=" "><subfield code="w">r</subfield><subfield code="i">Hierarchical superior:</subfield><subfield code="a">United States.</subfield><subfield code="b">Department of the Navy</subfield><subfield code="2">LCNAMES</subfield><subfield code="0">41-LIBRARY_OF_CONGRESS-n  79096702</subfield><subfield code="9">R</subfield></datafield><datafield tag="110" ind1="1" ind2=" "><subfield code="w">r</subfield><subfield code="i">Hierarchical superior:</subfield><subfield code="a">United States.</subfield><subfield code="b">Navy Department</subfield><subfield code="2">LCNAMES</subfield><subfield code="0">41-LIBRARY_OF_CONGRESS-n  79096702</subfield><subfield code="9">R</subfield></datafield><datafield tag="655" ind1=" " ind2="7"><subfield code="a">Handbooks, manuals, etc.</subfield><subfield code="w">nne</subfield><subfield code="2">FAST</subfield><subfield code="0">41-OCLC-fst01423877</subfield><subfield code="9">N</subfield></datafield><datafield tag="655" ind1=" " ind2="7"><subfield code="a">Companions (Handbooks)</subfield><subfield code="2">FAST</subfield><subfield code="0">41-OCLC-fst01423877</subfield><subfield code="9">N</subfield></datafield><datafield tag="655" ind1=" " ind2="7"><subfield code="a">Enchiridia</subfield><subfield code="2">FAST</subfield><subfield code="0">41-OCLC-fst01423877</subfield><subfield code="9">N</subfield></datafield><datafield tag="655" ind1=" " ind2="7"><subfield code="a">Enchiridions</subfield><subfield code="2">FAST</subfield><subfield code="0">41-OCLC-fst01423877</subfield><subfield code="9">N</subfield></datafield><datafield tag="655" ind1=" " ind2="7"><subfield code="a">Manuals</subfield><subfield code="2">FAST</subfield><subfield code="0">41-OCLC-fst01423877</subfield><subfield code="9">N</subfield></datafield><datafield tag="655" ind1=" " ind2="7"><subfield code="a">Pocket companions</subfield><subfield code="2">FAST</subfield><subfield code="0">41-OCLC-fst01423877</subfield><subfield code="9">N</subfield></datafield><datafield tag="655" ind1=" " ind2="7"><subfield code="a">Vade-mecums</subfield><subfield code="2">FAST</subfield><subfield code="0">41-OCLC-fst01423877</subfield><subfield code="9">N</subfield></datafield><datafield tag="610" ind1="1" ind2="7"><subfield code="a">U.S. Navy</subfield><subfield code="2">FAST</subfield><subfield code="0">41-OCLC-fst00533204</subfield><subfield code="9">N</subfield></datafield><datafield tag="610" ind1="1" ind2="7"><subfield code="a">United States.</subfield><subfield code="b">Department of the Navy.</subfield><subfield code="b">Navy</subfield><subfield code="2">FAST</subfield><subfield code="0">41-OCLC-fst00533204</subfield><subfield code="9">N</subfield></datafield><datafield tag="610" ind1="1" ind2="7"><subfield code="a">United States.</subfield><subfield code="b">Naval Establishment</subfield><subfield code="2">FAST</subfield><subfield code="0">41-OCLC-fst00533204</subfield><subfield code="9">N</subfield></datafield><datafield tag="610" ind1="1" ind2="7"><subfield code="a">United States.</subfield><subfield code="b">Navy Department.</subfield><subfield code="b">Navy</subfield><subfield code="2">FAST</subfield><subfield code="0">41-OCLC-fst00533204</subfield><subfield code="9">N</subfield></datafield><datafield tag="610" ind1="1" ind2="0"><subfield code="a">U.S. Navy</subfield><subfield code="2">LCNAMES</subfield><subfield code="0">41-LIBRARY_OF_CONGRESS-n  79059051</subfield><subfield code="9">N</subfield></datafield><datafield tag="610" ind1="1" ind2="0"><subfield code="a">United States.</subfield><subfield code="b">Department of the Navy.</subfield><subfield code="b">Navy</subfield><subfield code="2">LCNAMES</subfield><subfield code="0">41-LIBRARY_OF_CONGRESS-n  79059051</subfield><subfield code="9">N</subfield></datafield><datafield tag="610" ind1="1" ind2="0"><subfield code="a">United States.</subfield><subfield code="b">Naval Establishment</subfield><subfield code="2">LCNAMES</subfield><subfield code="0">41-LIBRARY_OF_CONGRESS-n  79059051</subfield><subfield code="9">N</subfield></datafield><datafield tag="610" ind1="1" ind2="0"><subfield code="a">United States.</subfield><subfield code="b">Navy Department.</subfield><subfield code="b">Navy</subfield><subfield code="2">LCNAMES</subfield><subfield code="0">41-LIBRARY_OF_CONGRESS-n  79059051</subfield><subfield code="9">N</subfield></datafield><datafield tag="610" ind1="1" ind2="0"><subfield code="a">United States.</subfield><subfield code="b">Continental Navy</subfield><subfield code="2">LCNAMES</subfield><subfield code="0">41-LIBRARY_OF_CONGRESS-n  79059051</subfield><subfield code="9">R</subfield></datafield><datafield tag="610" ind1="1" ind2="0"><subfield code="w">r</subfield><subfield code="i">Hierarchical superior:</subfield><subfield code="a">United States.</subfield><subfield code="b">Department of the Navy</subfield><subfield code="2">LCNAMES</subfield><subfield code="0">41-LIBRARY_OF_CONGRESS-n  79059051</subfield><subfield code="9">R</subfield></datafield><datafield tag="610" ind1="1" ind2="0"><subfield code="w">r</subfield><subfield code="i">Hierarchical superior:</subfield><subfield code="a">United States.</subfield><subfield code="b">Navy Department</subfield><subfield code="2">LCNAMES</subfield><subfield code="0">41-LIBRARY_OF_CONGRESS-n  79059051</subfield><subfield code="9">R</subfield></datafield><datafield tag="INST" ind1=" " ind2=" "><subfield code="a">01UWI_NETWORK</subfield><subfield code="b">P</subfield><subfield code="c">71291704800002121</subfield></datafield><datafield tag="INST" ind1=" " ind2=" "><subfield code="a">01UWI_MAD</subfield><subfield code="b">P</subfield><subfield code="c">21548852710002122</subfield></datafield><datafield tag="AVA" ind1=" " ind2=" "><subfield code="0">9919400383602122</subfield><subfield code="8">22548852700002122</subfield><subfield code="a">01UWI_MAD</subfield><subfield code="b">WHSLIBRARY</subfield><subfield code="c">US Government Documents</subfield><subfield code="d">D 208.6/2:969/REP.3</subfield><subfield code="e">available</subfield><subfield code="f">1</subfield><subfield code="g">0</subfield><subfield code="j">govus</subfield><subfield code="k">3</subfield><subfield code="p">1</subfield><subfield code="q">Wisconsin Historical Society Library</subfield></datafield><datafield tag="MMS" ind1=" " ind2=" "><subfield code="b">999641231202121</subfield><subfield code="a">01UWI_NETWORK</subfield></datafield><datafield tag="MMS" ind1=" " ind2=" "><subfield code="b">9919400383602122</subfield><subfield code="a">01UWI_MAD</subfield></datafield><datafield tag="950" ind1=" " ind2=" "><subfield code="a">20180202</subfield><subfield code="b">*HI-jb</subfield><subfield code="c">c</subfield><subfield code="d">p</subfield><subfield code="e">his</subfield><subfield code="9">local</subfield><subfield code="A">01UWI_MAD</subfield></datafield><datafield tag="AAA" ind1="3" ind2="0"><subfield code="z">Includes quarterly changes through 1/81.</subfield><subfield code="8">22548852700002122</subfield><subfield code="A">01UWI_MAD</subfield></datafield></record>
</metadata>
</record>
</ListRecords>
</OAI-PMH>